@article{waste-generation-2018,
    author      = {{Eurostat}},
    title       = {{Waste generation 2018}},
    journal     = {{Waste statistics}},
    year        = 2021,
    url         = {{https://ec.europa.eu/eurostat/statistics-explained/index.php?title=Waste_statistics}}
}

@misc{recycling-municipal-waste,
    author      = {{Eurostat}},
    title       = {{Recycling rate of municipal waste}},
    howpublished= {\url{https://ec.europa.eu/eurostat/databrowser/view/t2020_rt120/default/table?lang=en}}
}

@misc{diretiva-2018-851,
    author      = {{Parlamento Europeu e Conselho da União Europeia}},
    title       = {{Diretiva (UE) 2018/851 do Parlamento Europeu e do Conselho}},
    howpublished= {\url{https://eur-lex.europa.eu/legal-content/PT/TXT/?uri=celex\%3A32018L0851}}
}

@article{decreto-lei-102-d-2020,
    author        = {{Presidência do Conselho de Ministros}},
    title         = {{Decreto-Lei n.º 152-D/2017}},
    journal       = "Diário da República, série I",
    year          = 2020,
    volume        = "1",
    number        = "102-D/2020",
    pages         = "25-(2) -- 25-(269)",
    url           = {{https://dre.pt/application/conteudo/150908012}}
}
https://ec.europa.eu/eurostat/statistics-explained/index.php?title=Waste_statistics
@misc{pay-as-you-throw,
    author      = {{Operate Foundation}},
    title       = {{Pay As You Throw (PAYT) Toolkit For European Cities}},
    howpublished= {\url{www.dropbox.com/s/t1cmsn4nbz7outa/Urban\%20agenda\%20PAYT\%20-\%20E-BOOK\%20.pdf?dl=0}}
}

@misc{scientiamobile,
    author      = {{ScientiaMobile}},
    year        = {{2019}},
    month       = {{Fevereiro}},
    day         = {{6}},
    title       = {{Near Field Communication Support Has Come a Long Way}},
    howpublished= {\url{www.scientiamobile.com/near-field-communication-support-has-come-a-long-way}}
}

@misc{iloq-news,
    author      = {{iLOQ}},
    year        = {{2016}},
    month       = {{Março}},
    day         = {{14}},
    title       = {{The world’s first NFC-powered lock -- an invention that turns a phone also into a power source}},
    howpublished= {\url{www.iloq.com/en/worlds-first-nfc-powered-lock-invention-turns-phone-also-power-source}}
}

@misc{iloq-faq,
    author      = {iLOQ},
    year        = {2016},
    title       = {{FAQ -- iLOQ NFC}},
    howpublished= {\url{www.iloq.com/nfc/faq}}
}

@misc{iloq-lock,
    author      = {{iLOQ}},
    title       = {{Europrofile half cylinder D50S.121A.SD}},
    howpublished= {\url{www.iloq.com/en/single_product/europrofile-half-cylinder-d50s-121a-sd}}
}

@mastersthesis{duarte2016,
    author  = "Inês Vanessa Soares Duarte",
    title   = {{Análise da recolha seletiva de resíduos urbanos em Portugal e comparação com outros países}},
    school  = "Faculdade de Ciências e Tecnologia -- Universidade de Coimbra",
    year    = "2006",
    month   = "Setembro",
    address = "Coimbra, Portugal",
}

@article{dl-152d-2017,
  author        = {{Governo da República Portuguesa}},
  title         = {{Decreto-Lei n.º 152-D/2017}},
  journal       = "Diário da República, série I",
  year          = 2017,
  volume        = "2",
  number        = "236",
  pages         = "6584-(88) -- 6584-(135)",
  url           = {{https://dre.pt/web/guest/legislacao-consolidada/-/lc/132506099/202005201442/exportPdf/normal/1/cacheLevelPage?_LegislacaoConsolidada_WAR_drefrontofficeportlet_rp=indice}}
}

@misc{moba,
    author      = {{MOBA}},
    year        = {{2021}},
    title       = {{Products}},
    howpublished= {\url{mobile-automation.eu/products/mobile-weighing}}
}


@misc{distromel-generic,
    author      = {{Distromel}},
    title       = {{Environmental sector}},
    howpublished= {\url{www.distromel.com/en/environmental-sector}}
}

@misc{distromel-news,
    author      = {{Distromel}},
    year        = {{2019}},
    month       = {{Outubro}},
    day         = {{10}},
    title       = {{Weighing systems in waste collection vehicles}},
    howpublished= {\url{www.distromel.com/en/posts/sistemas-de-pesaje-en-vehiculos-recolectores-de-residuos}}
}

@misc{moba-dynamic-scale,
    author      = {{MOBA}},
    year        = {{2018}},
    month       = {{Abril}},
    title       = {{The new dynamic scale of MOBA}},
    type        = "Brochura",
    url         = {mobile-automation.eu/fileadmin/Documents/Brochures/Waste_Management/Dynamic_Scale/Folder_Dynamic-Scale_EN.PDF}
}

@misc{elte-fls,
    author      = {{ELTE Group}},
    year        = {{2020}},
    title       = {{Waste bin fill-level monitoring system}},
    howpublished= {\url{www.eltegps.com/our-offer/waste-bin-fill-level-monitoring-system.html}}
}

@misc{moba-fls,
    author      = {{MOBA}},
    year        = {{2021}},
    month       = {{Maio}},
    title       = {{Waste bin fill-level monitoring system}},
    howpublished= {\url{mobile-automation.eu/products/fill-level-detection}}
}

@misc{elte-dynamic-weighing,
    author      = {{ELTE Group}},
    year        = {{2020}},
    title       = {{Dynamic waste weighing system}},
    howpublished= {\url{www.eltegps.com/our-offer/dynamic-waste-weighing-system.html}}
}

@misc{organico-home,
    author      = {{Orgânico}},
    year        = {{2021}},
    title       = {{Orgânico -- Agora está na sua mão}},
    howpublished= {\url{organico.portoambiente.pt}}
}

@article{organico-news,
    author      = {{Câmara Municipal do Porto}},
    year        = {{2021}},
    month       = {{Abril}},
    day         = {{22}},
    title       = {{Porto alarga recolha de resíduos orgânicos a 60\% da cidade}},
    journal     = {{Porto. -- Notícias}},
    note        = {\url{www.porto.pt/pt/noticia/porto-alarga-recolha-de-residuos-organicos-a-60-da-cidade}}
}

@article{rmpm-noticiasmaia,
    author      = {Aldo Maia},
    year        = {2021},
    month       = {Maio},
    day         = {5},
    title       = {{Vêm aí descontos na taxa de resíduos sólidos: Maia começa a aplicar sistema “PAYT”}},
    journal     = {{Notícias Maia}},
    note        = {\url{www.noticiasmaia.com/taxa-de-residuos-solidos-maia-comeca-a-aplicar-sistema-payt}}
}

@article{rmpm-primeiramao,
    author      = {Angélica Santos},
    year        = {2021},
    month       = {Maio},
    day         = {3},
    title       = {{Maia: quem reciclar mais vai pagar menos na fatura do SMAS}},
    journal     = {{Maia Primeira Mão}},
    note        = {\url{www.primeiramao.pt/sociedade/maia-quem-reciclar-mais-vai-pagar-menos-na-fatura-do-smas}}
}

@article{ecopontoemcasa-primeiramao,
    author      = {Angélica Santos},
    year        = {{2012}},
    month       = {{Outubro}},
    day         = {{19}},
    title       = {{‘Maiambiente’ avança com o projecto Ecoponto em Casa}},
    journal     = {{Maia Primeira Mão}},
    note        = {\url{www.primeiramao.pt/sociedade/maiambiente-projecto-ecoponto-em-casactiva-de-resduos-porta-a-porta}}
}

@misc{rm-ue,
    author      = {{Comissão Europeia}},
    year        = {{2013}},
    title       = {{Pay as you throw: technology boosts recycling in Portugal}},
    howpublished= {\url{ec.europa.eu/budget/euprojects/pay-you-throw-technology-boosts-recycling-portugal_en}}
}

@misc{guimaraes-payt,
    author      = {{VITRUS}},
    year        = {{2021}},
    title       = {{PAYT -- Pague pelo lixo que produz}},
    howpublished= {\url{vitrusambiente.pt/payt}}
}
